@article{AlishahiBC17,
  author    = {Afra Alishahi and
               Marie Barking and
               Grzegorz Chrupala},
  title     = {Encoding of phonology in a recurrent neural model of grounded speech},
  journal   = {CoRR},
  volume    = {abs/1706.03815},
  year      = {2017},
  url       = {http://arxiv.org/abs/1706.03815},
  archivePrefix = {arXiv},
  eprint    = {1706.03815},
  timestamp = {Mon, 03 Jul 2017 13:29:02 +0200},
  biburl    = {https://dblp.org/rec/bib/journals/corr/AlishahiBC17},
  bibsource = {dblp computer science bibliography, https://dblp.org}
}

@article{ChrupalaGA17,
  author    = {Grzegorz Chrupala and
               Lieke Gelderloos and
               Afra Alishahi},
  title     = {Representations of language in a model of visually grounded speech
               signal},
  journal   = {CoRR},
  volume    = {abs/1702.01991},
  year      = {2017},
  url       = {http://arxiv.org/abs/1702.01991},
  archivePrefix = {arXiv},
  eprint    = {1702.01991},
  timestamp = {Wed, 07 Jun 2017 14:42:43 +0200},
  biburl    = {https://dblp.org/rec/bib/journals/corr/ChrupalaGA17},
  bibsource = {dblp computer science bibliography, https://dblp.org}
}

@article{HarwathG15,
  author    = {David F. Harwath and
               James R. Glass},
  title     = {Deep Multimodal Semantic Embeddings for Speech and Images},
  journal   = {CoRR},
  volume    = {abs/1511.03690},
  year      = {2015},
  url       = {http://arxiv.org/abs/1511.03690},
  archivePrefix = {arXiv},
  eprint    = {1511.03690},
  timestamp = {Wed, 07 Jun 2017 14:40:49 +0200},
  biburl    = {https://dblp.org/rec/bib/journals/corr/HarwathG15},
  bibsource = {dblp computer science bibliography, https://dblp.org}
}

@inproceedings{harwath2016unsupervised,
  title={Unsupervised learning of spoken language with visual context},
  author={Harwath, David and Torralba, Antonio and Glass, James},
  booktitle={Advances in Neural Information Processing Systems},
  pages={1858--1866},
  year={2016}
}

@article{hodosh2013framing,
  title={Framing image description as a ranking task: Data, models and evaluation metrics},
  author={Hodosh, Micah and Young, Peter and Hockenmaier, Julia},
  journal={Journal of Artificial Intelligence Research},
  volume={47},
  pages={853--899},
  year={2013}
}

@InProceedings{Harwath2017LW,
  author = 	"Harwath, David
		and Glass, James",
  title = 	"Learning Word-Like Units from Joint Audio-Visual Analysis",
  booktitle = 	"Proceedings of the 55th Annual Meeting of the Association for      Computational Linguistics (Volume 1: Long Papers)    ",
  year = 	"2017",
  publisher = 	"Association for Computational Linguistics",
  pages = 	"506--517",
  location = 	"Vancouver, Canada",
  doi = 	"10.18653/v1/P17-1047",
  url = 	"http://www.aclweb.org/anthology/P17-1047"
}

@incollection{Zhou2014,
  title = {Learning Deep Features for Scene Recognition using Places Database},
  author = {Zhou, Bolei and Lapedriza, Agata and Xiao, Jianxiong and Torralba, Antonio and Oliva, Aude},
  booktitle = {Advances in Neural Information Processing Systems 27},
  pages = {487--495},
  year = {2014},
  publisher = {Curran Associates, Inc.},
  url = {http://papers.nips.cc/paper/5349-learning-deep-features-for-scene-recognition-using-places-database.pdf}
}

@inproceedings{Tatman2017GenderAD,
  title={Gender and Dialect Bias in YouTube's Automatic Captions},
  author={Rachael Tatman},
  booktitle={EthNLP@EACL},
  year={2017}
}

@article{abdulla2001improving,
  title={Improving speech recognition performance through gender separation},
  author={Abdulla, W. H. and Kasabov, N. K. and Zealand, Dunedin--New},
  journal={changes},
  volume={9},
  pages={10},
  year={2001}
}

@article{latinus2012discriminating,
  title={Discriminating male and female voices: differentiating pitch and gender},
  author={Latinus, Marianne and Taylor, Margot J},
  journal={Brain topography},
  volume={25},
  number={2},
  pages={194--204},
  year={2012},
  publisher={Springer}
}

@article{meena2013gender,
  title={Gender classification in speech recognition using fuzzy logic and neural network.},
  author={Meena, Kunjithapatham and Subramaniam, Kulumani R and Gomathy, Muthusamy},
  journal={Int. Arab J. Inf. Technol.},
  volume={10},
  number={5},
  pages={477--485},
  year={2013}
}

@inproceedings{reynolds2002overview,
  title={An overview of automatic speaker recognition technology},
  author={Reynolds, Douglas A},
  booktitle={Acoustics, speech, and signal processing (ICASSP), 2002 IEEE international conference on},
  volume={4},
  pages={IV--4072},
  year={2002},
  organization={IEEE}
}

@inproceedings{shao2003integrated,
  title={Integrated pitch and MFCC extraction for speech reconstruction and speech recognition applications},
  author={Shao, Xu and Milner, Ben P and Cox, Stephen J},
  booktitle={Eighth European Conference on Speech Communication and Technology},
  year={2003}
}

@article{huang2014historical,
  title={A historical perspective of speech recognition},
  author={Huang, Xuedong and Baker, James and Reddy, Raj},
  journal={Communications of the ACM},
  volume={57},
  number={1},
  pages={94--103},
  year={2014},
  publisher={ACM}
}

@article{ZillySKS16,
  author    = {Julian G. Zilly and
               Rupesh Kumar Srivastava and
               Jan Koutn{\'{\i}}k and
               J{\"{u}}rgen Schmidhuber},
  title     = {Recurrent Highway Networks},
  journal   = {CoRR},
  volume    = {abs/1607.03474},
  year      = {2016},
  url       = {http://arxiv.org/abs/1607.03474},
  archivePrefix = {arXiv},
  eprint    = {1607.03474},
  timestamp = {Wed, 07 Jun 2017 14:43:15 +0200},
  biburl    = {https://dblp.org/rec/bib/journals/corr/ZillySKS16},
  bibsource = {dblp computer science bibliography, https://dblp.org}
}

@Article{Simonyan14c,
    author       = "Simonyan, K. and Zisserman, A.",
    title        = "Very Deep Convolutional Networks for Large-Scale Image Recognition",
    journal      = "CoRR",
    volume       = "abs/1409.1556",
    year         = "2014"
}

@article{lecun2015deep,
  title={Deep learning},
  author={LeCun, Yann and Bengio, Yoshua and Hinton, Geoffrey},
  journal={nature},
  volume={521},
  number={7553},
  pages={436},
  year={2015},
  publisher={Nature Publishing Group}
}

@article{tranter2006overview,
  title={An overview of automatic speaker diarization systems},
  author={Tranter, Sue E and Reynolds, Douglas A},
  journal={IEEE Transactions on audio, speech, and language processing},
  volume={14},
  number={5},
  pages={1557--1565},
  year={2006},
  publisher={IEEE}
}

@article{ZillySKS16,
  author    = {Julian G. Zilly and
               Rupesh Kumar Srivastava and
               Jan Koutn{\'{\i}}k and
               J{\"{u}}rgen Schmidhuber},
  title     = {Recurrent Highway Networks},
  journal   = {CoRR},
  volume    = {abs/1607.03474},
  year      = {2016},
  url       = {http://arxiv.org/abs/1607.03474},
  archivePrefix = {arXiv},
  eprint    = {1607.03474},
  timestamp = {Wed, 07 Jun 2017 14:43:15 +0200},
  biburl    = {https://dblp.org/rec/bib/journals/corr/ZillySKS16},
  bibsource = {dblp computer science bibliography, https://dblp.org}
}

@misc{scikitlearn2017,
    title       = {Parameter estimation using grid search with cross-validation},
    year        = {2017},
    urldate     = {2018-07-01},
    url         = {http://scikit-learn.org/stable/auto_examples/model_selection/plot_grid_search_digits.html}
}

@misc{scikitlearn20172,
    title       = {Sklearn metrics f1 score},
    year        = {2017},
    urldate     = {2018-07-01},
    url         = {http://scikit-learn.org/stable/modules/generated/sklearn.metrics.f1_score.html}
}

@misc{scikitlearntraintestsplit,
    title       = {Sklearn model selection train test split},
    year        = {2017},
    urldate     = {2018-07-01},
    url         = {http://scikit-learn.org/stable/modules/generated/sklearn.model_selection.train_test_split.html}
    
}

@online{wiki:Oversamplingundersampling,
    author = "{Wikipedia}",
    title = {Oversampling and undersampling in data analysis - {W}ikipedia{,} The Free Encyclopedia},
    year = {2017},
    url = {https://en.wikipedia.org/wiki/Oversampling_and_undersampling_in_data_analysis},
    urldate = {2018-07-01}
}

@article{ganin2016domain,
  title={Domain-adversarial training of neural networks},
  author={Ganin, Yaroslav and Ustinova, Evgeniya and Ajakan, Hana and Germain, Pascal and Larochelle, Hugo and Laviolette, Fran{\c{c}}ois and Marchand, Mario and Lempitsky, Victor},
  journal={The Journal of Machine Learning Research},
  volume={17},
  number={1},
  pages={2096--2030},
  year={2016},
  publisher={JMLR. org}
}